%http://en.wikipedia.org/wiki/BibTeX --How to is all there
@inbook{epo2-opamps,
	author		=	"M. {Bartekk} and J. {Bastemeijer} and A.J. van {Genderen} and A.C. de {Graaf} and J. {Hoekstra} and B. {Jacobs} and M. {Pertijs} and X. van {Rijnsoever} and A.M.J. {Slats}",
	title		=	"Smart Robot Challenge - Practicum Handleiding",
	chapter		=	"12 - Opamps",
	publisher	=	"Delft University of Technology",
	year		=	2013
}
@inbook{epo1-onzekerheden,
	author		=	"G.J.M {Janssen} and J.F. {Creemer} and D. {Djairam} and M. {Gibescu} and I.E. {Lager} and J. {Verwer}",
	title		=	"Studentenhandleiding EPO-1 Project: De Beukende Bas",
	chapter		=	"Tutorial 5 - Onzekerheden en fouten bij het meten.",
	publisher	=	"Delft University of Technology",
	year		=	2013
}